<record><leader>00000cas a2200000 a 4500</leader><controlfield tag="001">23353333</controlfield><controlfield tag="008">910329d19231981iluwr ne      0   a0eng c</controlfield><datafield ind1=" " ind2=" " tag="010"><subfield code="a">sn 91054042 </subfield></datafield><datafield ind1=" " ind2=" " tag="040"><subfield code="a">NVF</subfield><subfield code="b">eng</subfield><subfield code="c">NVF</subfield><subfield code="d">OCLCQ</subfield><subfield code="d">NVF</subfield><subfield code="d">OCLCF</subfield><subfield code="d">OCLCO</subfield><subfield code="d">NVF</subfield></datafield><datafield ind1=" " ind2=" " tag="042"><subfield code="a">pcc</subfield></datafield><datafield ind1=" " ind2=" " tag="043"><subfield code="a">n-us-il</subfield></datafield><datafield ind1="0" ind2="4" tag="245"><subfield code="a">The Palestine register.</subfield></datafield><datafield ind1=" " ind2=" " tag="260"><subfield code="a">Palestine, Ill. :</subfield><subfield code="b">Fred E. Todd,</subfield><subfield code="c">1923-1981.</subfield></datafield><datafield ind1="3" ind2=" " tag="260"><subfield code="3">Jan. 14, 1981-Oct. 1981</subfield><subfield code="a">Hutsonville, Ill.</subfield></datafield><datafield ind1=" " ind2=" " tag="300"><subfield code="a">v.</subfield></datafield><datafield ind1=" " ind2=" " tag="310"><subfield code="a">Weekly</subfield></datafield><datafield ind1="0" ind2=" " tag="362"><subfield code="a">Vol. 8, no. 22 (May 17, 1923)- ; -v. 8, no. 25 (June 24, 1926) ; v. 9, no. 26 (July 1, 1926)-</subfield></datafield><datafield ind1="1" ind2=" " tag="362"><subfield code="a">Ceased in Oct. 1981.</subfield></datafield><datafield ind1=" " ind2=" " tag="580"><subfield code="a">Published simultaneously as: Oblong oracle (Oblong, Ill. : 1948), Jan.-Mar. 1965; July-Oct. 1981, and: Hutsonville herald, July-Oct. 1981.</subfield></datafield><datafield ind1=" " ind2=" " tag="580"><subfield code="a">Merged with: Oblong oracle (Oblong, Ill. : 1948), and: Hutsonville herald, to form: Crawford press.</subfield></datafield><datafield ind1=" " ind2=" " tag="588"><subfield code="a">Latest issue consulted: Dec. 28, 1972.</subfield></datafield><datafield ind1=" " ind2="0" tag="651"><subfield code="a">Hutsonville (Ill.)</subfield><subfield code="v">Newspapers.</subfield></datafield><datafield ind1=" " ind2="0" tag="651"><subfield code="a">Palestine (Ill.)</subfield><subfield code="v">Newspapers.</subfield></datafield><datafield ind1=" " ind2="0" tag="651"><subfield code="a">Oblong (Ill.)</subfield><subfield code="v">Newspapers.</subfield></datafield><datafield ind1=" " ind2="7" tag="651"><subfield code="a">Illinois</subfield><subfield code="z">Hutsonville.</subfield><subfield code="2">fast</subfield><subfield code="0">(OCoLC)fst01883496</subfield></datafield><datafield ind1=" " ind2="7" tag="651"><subfield code="a">Illinois</subfield><subfield code="z">Oblong.</subfield><subfield code="2">fast</subfield><subfield code="0">(OCoLC)fst01236453</subfield></datafield><datafield ind1=" " ind2="7" tag="651"><subfield code="a">Illinois</subfield><subfield code="z">Palestine.</subfield><subfield code="2">fast</subfield><subfield code="0">(OCoLC)fst01259288</subfield></datafield><datafield ind1=" " ind2="7" tag="655"><subfield code="a">Newspapers.</subfield><subfield code="2">fast</subfield><subfield code="0">(OCoLC)fst01423814</subfield></datafield><datafield ind1=" " ind2=" " tag="752"><subfield code="a">United States</subfield><subfield code="b">Illinois</subfield><subfield code="c">Crawford County</subfield><subfield code="d">Palestine.</subfield></datafield><datafield ind1=" " ind2=" " tag="752"><subfield code="a">United States</subfield><subfield code="b">Illinois</subfield><subfield code="c">Crawford County</subfield><subfield code="d">Hutsonville.</subfield></datafield><datafield ind1="0" ind2="0" tag="780"><subfield code="t">Palestine weekly register</subfield><subfield code="w">(DLC)sn 91054040</subfield><subfield code="w">(OCoLC)23353263</subfield></datafield><datafield ind1="1" ind2="7" tag="785"><subfield code="t">Hutsonville herald</subfield><subfield code="w">(DLC)sn 91054043</subfield><subfield code="w">(OCoLC)23353370</subfield></datafield><datafield ind1="1" ind2="7" tag="785"><subfield code="t">Oblong oracle (Oblong, Ill. : 1948)</subfield><subfield code="w">(DLC)sn 91054041</subfield><subfield code="w">(OCoLC)23353225</subfield></datafield><datafield ind1="1" ind2="7" tag="785"><subfield code="t">Crawford press</subfield><subfield code="w">(DLC)sn 91054044</subfield><subfield code="w">(OCoLC)23353409</subfield></datafield><datafield ind1="1" ind2=" " tag="787"><subfield code="t">Oblong oracle (Oblong, Ill. : 1948)</subfield><subfield code="w">(DLC)sn 91054041</subfield><subfield code="w">(OCoLC)23353225</subfield></datafield><datafield ind1="1" ind2=" " tag="787"><subfield code="t">Hutsonville herald</subfield><subfield code="w">(DLC)sn 91054043</subfield><subfield code="w">(OCoLC)23353370</subfield></datafield><datafield ind1="1" ind2=" " tag="029"><subfield code="a">AU@</subfield><subfield code="b">000025868234</subfield></datafield></record>